%% This BibTeX bibliography file was created using BibDesk.
%% http://bibdesk.sourceforge.net/


%% Created for James A. Crippen at 2020-11-05 15:08:55 -0800 


%% Saved with string encoding Unicode (UTF-8) 



@phdthesis{crippen:2019,
	Address = {Vancouver},
	Author = {Crippen, James A.},
	Date-Added = {2020-11-05 15:08:54 -0800},
	Date-Modified = {2020-11-05 15:08:54 -0800},
	Keywords = {Language - Tlingit; Syntax - Verbs; Syntax - Polysynthesis; Morphology - Verb},
	School = {University of British Columbia},
	Title = {The syntax in Tlingit verbs},
	Type = {PhD dissertation},
	Year = {2019},
	Bdsk-File-1 = {YnBsaXN0MDDSAQIDBFxyZWxhdGl2ZVBhdGhZYWxpYXNEYXRhXxBOLi4vLi4vLi4vRHJvcGJveC9DcmlwcGVuIERpc3NlcnRhdGlvbi9QdWJsaWMvY3JpcHBlbi1kaXNzZXJ0YXRpb24tMjAyMDAyMjMucGRmTxEBxAAAAAABxAACAAAMTWFjaW50b3NoIEhEAAAAAAAAAAAAAAAAAAAAAAAAAEJEAAH/////H2NyaXBwZW4tZGlzc2VydGF0aSNGRkZGRkZGRi5wZGYAAAAAAAAAAAAAAAAAAAAAAAAAAAAAAAAAAAAAAAAAAP////8AAAAAAAAAAAAAAAAAAwAEAAAKIGN1AAAAAAAAAAAAAAAAAAZQdWJsaWMAAgBTLzpVc2VyczpqYW1lczpEcm9wYm94OkNyaXBwZW4gRGlzc2VydGF0aW9uOlB1YmxpYzpjcmlwcGVuLWRpc3NlcnRhdGlvbi0yMDIwMDIyMy5wZGYAAA4ARAAhAGMAcgBpAHAAcABlAG4ALQBkAGkAcwBzAGUAcgB0AGEAdABpAG8AbgAtADIAMAAyADAAMAAyADIAMwAuAHAAZABmAA8AGgAMAE0AYQBjAGkAbgB0AG8AcwBoACAASABEABIAUVVzZXJzL2phbWVzL0Ryb3Bib3gvQ3JpcHBlbiBEaXNzZXJ0YXRpb24vUHVibGljL2NyaXBwZW4tZGlzc2VydGF0aW9uLTIwMjAwMjIzLnBkZgAAEwABLwAAFQACAAz//wAAAAgADQAaACQAdQAAAAAAAAIBAAAAAAAAAAUAAAAAAAAAAAAAAAAAAAI9}}

@book{story-naish:1973,
	Address = {Fairbanks, AK},
	Author = {Story, Gillian L. and Naish, Constance M.},
	Booktitle = {Tlingit verb dictionary},
	Date-Added = {2020-11-05 15:04:29 -0800},
	Date-Modified = {2020-11-05 15:04:29 -0800},
	Eprint = {TL959NS1973},
	Eprinttype = {anla},
	Isbn = {0-933769-25-3},
	Keywords = {Language - Tlingit; Morphology; Morphology - Verb; Lexicography - Dictionary},
	Publisher = {Alaska Native Language Center},
	Read = {Yes},
	Title = {Tlingit verb dictionary},
	Year = {1973},
	Bdsk-File-1 = {YnBsaXN0MDDSAQIDBFxyZWxhdGl2ZVBhdGhZYWxpYXNEYXRhXxAnLi4vLi4vTGl0ZXJhdHVyZS9TdG9yeSAmIE5haXNoIDE5NzMucGRmTxEBfgAAAAABfgACAAAMTWFjaW50b3NoIEhEAAAAAAAAAAAAAAAAAAAAAAAAAEJEAAH/////FlN0b3J5ICYgTmFpc2ggMTk3My5wZGYAAAAAAAAAAAAAAAAAAAAAAAAAAAAAAAAAAAAAAAAAAAAAAAAAAAAAAP////8AAAAAAAAAAAAAAAAAAgACAAAKIGN1AAAAAAAAAAAAAAAAAApMaXRlcmF0dXJlAAIAOS86VXNlcnM6amFtZXM6RG9jdW1lbnRzOkxpdGVyYXR1cmU6U3RvcnkgJiBOYWlzaCAxOTczLnBkZgAADgAuABYAUwB0AG8AcgB5ACAAJgAgAE4AYQBpAHMAaAAgADEAOQA3ADMALgBwAGQAZgAPABoADABNAGEAYwBpAG4AdABvAHMAaAAgAEgARAASADdVc2Vycy9qYW1lcy9Eb2N1bWVudHMvTGl0ZXJhdHVyZS9TdG9yeSAmIE5haXNoIDE5NzMucGRmAAATAAEvAAAVAAIADP//AAAACAANABoAJABOAAAAAAAAAgEAAAAAAAAABQAAAAAAAAAAAAAAAAAAAdA=}}

@incollection{leer:1989,
	Author = {Leer, Jeff},
	Chapter = {15},
	Crossref = {cook-rice:1989},
	Date-Added = {2020-11-05 15:04:03 -0800},
	Date-Modified = {2020-11-05 15:04:03 -0800},
	Eprint = {CA965L1989},
	Eprinttype = {anla},
	Keywords = {Family - Na-Dene; Family - Dene; Family - Dene; Language - Tlingit; Morphology - Directionals; Historical linguistics},
	Pages = {575-622},
	Read = {Yes},
	Title = {Directional systems in Athapaskan and Na-Dene},
	Bdsk-File-1 = {YnBsaXN0MDDSAQIDBFxyZWxhdGl2ZVBhdGhZYWxpYXNEYXRhXxAeLi4vLi4vTGl0ZXJhdHVyZS9MZWVyIDE5ODkucGRmTxEBWAAAAAABWAACAAAMTWFjaW50b3NoIEhEAAAAAAAAAAAAAAAAAAAAAAAAAEJEAAH/////DUxlZXIgMTk4OS5wZGYAAAAAAAAAAAAAAAAAAAAAAAAAAAAAAAAAAAAAAAAAAAAAAAAAAAAAAAAAAAAAAAAAAP////8AAAAAUERGIENBUk8AAgACAAAKIGN1AAAAAAAAAAAAAAAAAApMaXRlcmF0dXJlAAIAMC86VXNlcnM6amFtZXM6RG9jdW1lbnRzOkxpdGVyYXR1cmU6TGVlciAxOTg5LnBkZgAOABwADQBMAGUAZQByACAAMQA5ADgAOQAuAHAAZABmAA8AGgAMAE0AYQBjAGkAbgB0AG8AcwBoACAASABEABIALlVzZXJzL2phbWVzL0RvY3VtZW50cy9MaXRlcmF0dXJlL0xlZXIgMTk4OS5wZGYAEwABLwAAFQACAAz//wAAAAgADQAaACQARQAAAAAAAAIBAAAAAAAAAAUAAAAAAAAAAAAAAAAAAAGh},
	Bdsk-File-2 = {YnBsaXN0MDDSAQIDBFxyZWxhdGl2ZVBhdGhZYWxpYXNEYXRhXxAlLi4vLi4vTGl0ZXJhdHVyZS9Db29rICYgUmljZSAxOTg5LnBkZk8RAXYAAAAAAXYAAgAADE1hY2ludG9zaCBIRAAAAAAAAAAAAAAAAAAAAAAAAABCRAAB/////xRDb29rICYgUmljZSAxOTg5LnBkZgAAAAAAAAAAAAAAAAAAAAAAAAAAAAAAAAAAAAAAAAAAAAAAAAAAAAAAAAD/////AAAAAAAAAAAAAAAAAAIAAgAACiBjdQAAAAAAAAAAAAAAAAAKTGl0ZXJhdHVyZQACADcvOlVzZXJzOmphbWVzOkRvY3VtZW50czpMaXRlcmF0dXJlOkNvb2sgJiBSaWNlIDE5ODkucGRmAAAOACoAFABDAG8AbwBrACAAJgAgAFIAaQBjAGUAIAAxADkAOAA5AC4AcABkAGYADwAaAAwATQBhAGMAaQBuAHQAbwBzAGgAIABIAEQAEgA1VXNlcnMvamFtZXMvRG9jdW1lbnRzL0xpdGVyYXR1cmUvQ29vayAmIFJpY2UgMTk4OS5wZGYAABMAAS8AABUAAgAM//8AAAAIAA0AGgAkAEwAAAAAAAACAQAAAAAAAAAFAAAAAAAAAAAAAAAAAAABxg==}}

@phdthesis{leer:1991,
	Address = {Chicago},
	Author = {Leer, Jeff},
	Date-Added = {2020-11-05 15:02:53 -0800},
	Date-Modified = {2020-11-05 15:02:53 -0800},
	Eprint = {TL962L1991},
	Eprinttype = {anla},
	Keywords = {Language - Tlingit; Historical linguistics; Language - Tlingit - Tongass; Language - Tlingit - Southern; Morphology; Morphology - Verb; Phonology; Semantics - Aspect; Semantics - Tense; Semantics - Telicity; Semantics},
	Read = {Yes},
	School = {University of Chicago},
	Title = {The schetic categories of the Tlingit verb},
	Type = {PhD dissertation},
	Year = {1991},
	Bdsk-File-1 = {YnBsaXN0MDDSAQIDBFxyZWxhdGl2ZVBhdGhZYWxpYXNEYXRhXxAeLi4vLi4vTGl0ZXJhdHVyZS9MZWVyIDE5OTEucGRmTxEBWAAAAAABWAACAAAMTWFjaW50b3NoIEhEAAAAAAAAAAAAAAAAAAAAAAAAAEJEAAH/////DUxlZXIgMTk5MS5wZGYAAAAAAAAAAAAAAAAAAAAAAAAAAAAAAAAAAAAAAAAAAAAAAAAAAAAAAAAAAAAAAAAAAP////8AAAAAAAAAAAAAAAAAAgACAAAKIGN1AAAAAAAAAAAAAAAAAApMaXRlcmF0dXJlAAIAMC86VXNlcnM6amFtZXM6RG9jdW1lbnRzOkxpdGVyYXR1cmU6TGVlciAxOTkxLnBkZgAOABwADQBMAGUAZQByACAAMQA5ADkAMQAuAHAAZABmAA8AGgAMAE0AYQBjAGkAbgB0AG8AcwBoACAASABEABIALlVzZXJzL2phbWVzL0RvY3VtZW50cy9MaXRlcmF0dXJlL0xlZXIgMTk5MS5wZGYAEwABLwAAFQACAAz//wAAAAgADQAaACQARQAAAAAAAAIBAAAAAAAAAAUAAAAAAAAAAAAAAAAAAAGh}}

@unpublished{eggleston:2017,
	Author = {Eggleston, Keri},
	Date-Added = {2020-11-05 15:02:01 -0800},
	Date-Modified = {2020-11-05 15:02:01 -0800},
	Keywords = {Language - Tlingit; Lexicography - Wordlist; Lexicography - Dictionary - Paradigmatic},
	Note = {Unpublished online resource},
	Title = {Online Tlingit verb dictionary: A database of over 1,100 conjugated Tlingit verbs},
	Url = {http://ankn.uaf.edu/~tlingitverbs/},
	Year = {2017},
	Bdsk-Url-1 = {http://ankn.uaf.edu/~tlingitverbs/}}

@phdthesis{eggleston:2013a,
	Address = {Fairbanks, AK},
	Author = {Eggleston, Keri},
	Date-Added = {2020-11-05 15:02:01 -0800},
	Date-Modified = {2020-11-05 15:02:01 -0800},
	Eprint = {TL005E2013},
	Eprinttype = {anla},
	Keywords = {Language - Tlingit; Family - Na-Dene; Morphology - Verb; Lexicography},
	School = {University of Alaska},
	Title = {575 Tlingit verbs: A study of Tlingit verb paradigms},
	Type = {PhD dissertation},
	Volume = {1},
	Year = {2013},
	Bdsk-File-1 = {YnBsaXN0MDDSAQIDBFxyZWxhdGl2ZVBhdGhZYWxpYXNEYXRhXxAkLi4vLi4vTGl0ZXJhdHVyZS9FZ2dsZXN0b24gMjAxM2EucGRmTxEBcAAAAAABcAACAAAMTWFjaW50b3NoIEhEAAAAAAAAAAAAAAAAAAAAAAAAAEJEAAH/////E0VnZ2xlc3RvbiAyMDEzYS5wZGYAAAAAAAAAAAAAAAAAAAAAAAAAAAAAAAAAAAAAAAAAAAAAAAAAAAAAAAAAAP////8AAAAAAAAAAAAAAAAAAgACAAAKIGN1AAAAAAAAAAAAAAAAAApMaXRlcmF0dXJlAAIANi86VXNlcnM6amFtZXM6RG9jdW1lbnRzOkxpdGVyYXR1cmU6RWdnbGVzdG9uIDIwMTNhLnBkZgAOACgAEwBFAGcAZwBsAGUAcwB0AG8AbgAgADIAMAAxADMAYQAuAHAAZABmAA8AGgAMAE0AYQBjAGkAbgB0AG8AcwBoACAASABEABIANFVzZXJzL2phbWVzL0RvY3VtZW50cy9MaXRlcmF0dXJlL0VnZ2xlc3RvbiAyMDEzYS5wZGYAEwABLwAAFQACAAz//wAAAAgADQAaACQASwAAAAAAAAIBAAAAAAAAAAUAAAAAAAAAAAAAAAAAAAG/}}

@phdthesis{eggleston:2013b,
	Address = {Fairbanks, AK},
	Author = {Eggleston, Keri},
	Date-Added = {2020-11-05 15:02:01 -0800},
	Date-Modified = {2020-11-05 15:02:01 -0800},
	Eprint = {TL005E2013},
	Eprinttype = {anla},
	Keywords = {Language - Tlingit; Family - Na-Dene; Morphology - Verb; Lexicography},
	School = {University of Alaska},
	Title = {575 Tlingit verbs: The paradigms},
	Type = {PhD dissertation},
	Volume = {2},
	Year = {2013},
	Bdsk-File-1 = {YnBsaXN0MDDSAQIDBFxyZWxhdGl2ZVBhdGhZYWxpYXNEYXRhXxAkLi4vLi4vTGl0ZXJhdHVyZS9FZ2dsZXN0b24gMjAxM2EucGRmTxEBcAAAAAABcAACAAAMTWFjaW50b3NoIEhEAAAAAAAAAAAAAAAAAAAAAAAAAEJEAAH/////E0VnZ2xlc3RvbiAyMDEzYS5wZGYAAAAAAAAAAAAAAAAAAAAAAAAAAAAAAAAAAAAAAAAAAAAAAAAAAAAAAAAAAP////8AAAAAAAAAAAAAAAAAAgACAAAKIGN1AAAAAAAAAAAAAAAAAApMaXRlcmF0dXJlAAIANi86VXNlcnM6amFtZXM6RG9jdW1lbnRzOkxpdGVyYXR1cmU6RWdnbGVzdG9uIDIwMTNhLnBkZgAOACgAEwBFAGcAZwBsAGUAcwB0AG8AbgAgADIAMAAxADMAYQAuAHAAZABmAA8AGgAMAE0AYQBjAGkAbgB0AG8AcwBoACAASABEABIANFVzZXJzL2phbWVzL0RvY3VtZW50cy9MaXRlcmF0dXJlL0VnZ2xlc3RvbiAyMDEzYS5wZGYAEwABLwAAFQACAAz//wAAAAgADQAaACQASwAAAAAAAAIBAAAAAAAAAAUAAAAAAAAAAAAAAAAAAAG/}}

@book{edwards:2009,
	Address = {Juneau, AK},
	Author = {Edwards, Keri},
	Booktitle = {Dictionary of Tlingit},
	Cites = {leer:1991, story:1973, story:1966, naish:1966, naish:1976, naish:1963},
	Date-Added = {2020-11-05 15:01:46 -0800},
	Date-Modified = {2020-11-05 15:01:46 -0800},
	Eprint = {TL005E2009},
	Eprinttype = {anla},
	Isbn = {978-1-44-040127-5},
	Keywords = {Language - Tlingit; Lexicography - Dictionary; Morphology - Verb},
	Publisher = {Sealaska Heritage Institute},
	Title = {Dictionary of Tlingit},
	Year = {2009},
	Bdsk-File-1 = {YnBsaXN0MDDSAQIDBFxyZWxhdGl2ZVBhdGhZYWxpYXNEYXRhXxAhLi4vLi4vTGl0ZXJhdHVyZS9FZHdhcmRzIDIwMDkucGRmTxEBZgAAAAABZgACAAAMTWFjaW50b3NoIEhEAAAAAAAAAAAAAAAAAAAAAAAAAEJEAAH/////EEVkd2FyZHMgMjAwOS5wZGYAAAAAAAAAAAAAAAAAAAAAAAAAAAAAAAAAAAAAAAAAAAAAAAAAAAAAAAAAAAAAAP////8AAAAAAAAAAAAAAAAAAgACAAAKIGN1AAAAAAAAAAAAAAAAAApMaXRlcmF0dXJlAAIAMy86VXNlcnM6amFtZXM6RG9jdW1lbnRzOkxpdGVyYXR1cmU6RWR3YXJkcyAyMDA5LnBkZgAADgAiABAARQBkAHcAYQByAGQAcwAgADIAMAAwADkALgBwAGQAZgAPABoADABNAGEAYwBpAG4AdABvAHMAaAAgAEgARAASADFVc2Vycy9qYW1lcy9Eb2N1bWVudHMvTGl0ZXJhdHVyZS9FZHdhcmRzIDIwMDkucGRmAAATAAEvAAAVAAIADP//AAAACAANABoAJABIAAAAAAAAAgEAAAAAAAAABQAAAAAAAAAAAAAAAAAAAbI=}}

@incollection{swanton:1911,
	Author = {Swanton, John R.},
	Cited-By = {boas:1917},
	Crossref = {boas:1911},
	Date-Added = {2020-11-05 15:01:28 -0800},
	Date-Modified = {2020-11-05 15:01:28 -0800},
	Eprint = {TL901S1911},
	Eprinttype = {anla},
	Keywords = {Language - Tlingit; Morphology; Phonology; Phonetics; Syntax; Grammar},
	Pages = {159-204},
	Read = {Yes},
	Title = {Tlingit},
	Bdsk-File-1 = {YnBsaXN0MDDSAQIDBFxyZWxhdGl2ZVBhdGhZYWxpYXNEYXRhXxAhLi4vLi4vTGl0ZXJhdHVyZS9Td2FudG9uIDE5MTEucGRmTxEBZgAAAAABZgACAAAMTWFjaW50b3NoIEhEAAAAAAAAAAAAAAAAAAAAAAAAAEJEAAH/////EFN3YW50b24gMTkxMS5wZGYAAAAAAAAAAAAAAAAAAAAAAAAAAAAAAAAAAAAAAAAAAAAAAAAAAAAAAAAAAAAAAP////8AAAAAUERGIENBUk8AAgACAAAKIGN1AAAAAAAAAAAAAAAAAApMaXRlcmF0dXJlAAIAMy86VXNlcnM6amFtZXM6RG9jdW1lbnRzOkxpdGVyYXR1cmU6U3dhbnRvbiAxOTExLnBkZgAADgAiABAAUwB3AGEAbgB0AG8AbgAgADEAOQAxADEALgBwAGQAZgAPABoADABNAGEAYwBpAG4AdABvAHMAaAAgAEgARAASADFVc2Vycy9qYW1lcy9Eb2N1bWVudHMvTGl0ZXJhdHVyZS9Td2FudG9uIDE5MTEucGRmAAATAAEvAAAVAAIADP//AAAACAANABoAJABIAAAAAAAAAgEAAAAAAAAABQAAAAAAAAAAAAAAAAAAAbI=},
	Bdsk-File-2 = {YnBsaXN0MDDSAQIDBFxyZWxhdGl2ZVBhdGhZYWxpYXNEYXRhXxAeLi4vLi4vTGl0ZXJhdHVyZS9Cb2FzIDE5MTEucGRmTxEBWAAAAAABWAACAAAMTWFjaW50b3NoIEhEAAAAAAAAAAAAAAAAAAAAAAAAAEJEAAH/////DUJvYXMgMTkxMS5wZGYAAAAAAAAAAAAAAAAAAAAAAAAAAAAAAAAAAAAAAAAAAAAAAAAAAAAAAAAAAAAAAAAAAP////8AAAAAUERGIENBUk8AAgACAAAKIGN1AAAAAAAAAAAAAAAAAApMaXRlcmF0dXJlAAIAMC86VXNlcnM6amFtZXM6RG9jdW1lbnRzOkxpdGVyYXR1cmU6Qm9hcyAxOTExLnBkZgAOABwADQBCAG8AYQBzACAAMQA5ADEAMQAuAHAAZABmAA8AGgAMAE0AYQBjAGkAbgB0AG8AcwBoACAASABEABIALlVzZXJzL2phbWVzL0RvY3VtZW50cy9MaXRlcmF0dXJlL0JvYXMgMTkxMS5wZGYAEwABLwAAFQACAAz//wAAAAgADQAaACQARQAAAAAAAAIBAAAAAAAAAAUAAAAAAAAAAAAAAAAAAAGh}}

@mastersthesis{naish:1966,
	Address = {London},
	Author = {Naish, Constance M.},
	Cites = {boas:1917, swanton:1911, story:1966},
	Date-Added = {2020-11-05 15:01:23 -0800},
	Date-Modified = {2020-11-05 15:01:23 -0800},
	Eprint = {TL959N1966},
	Eprinttype = {anla},
	Keywords = {Language - Tlingit; Syntax},
	Read = {Yes},
	School = {School of Oriental and African Languages, University of London},
	Title = {A syntactic study of Tlingit},
	Type = {master’s thesis},
	Year = {1966},
	Bdsk-File-1 = {YnBsaXN0MDDSAQIDBFxyZWxhdGl2ZVBhdGhZYWxpYXNEYXRhXxAfLi4vLi4vTGl0ZXJhdHVyZS9OYWlzaCAxOTY2LnBkZk8RAV4AAAAAAV4AAgAADE1hY2ludG9zaCBIRAAAAAAAAAAAAAAAAAAAAAAAAABCRAAB/////w5OYWlzaCAxOTY2LnBkZgAAAAAAAAAAAAAAAAAAAAAAAAAAAAAAAAAAAAAAAAAAAAAAAAAAAAAAAAAAAAAAAAD/////AAAAAFBERiBDQVJPAAIAAgAACiBjdQAAAAAAAAAAAAAAAAAKTGl0ZXJhdHVyZQACADEvOlVzZXJzOmphbWVzOkRvY3VtZW50czpMaXRlcmF0dXJlOk5haXNoIDE5NjYucGRmAAAOAB4ADgBOAGEAaQBzAGgAIAAxADkANgA2AC4AcABkAGYADwAaAAwATQBhAGMAaQBuAHQAbwBzAGgAIABIAEQAEgAvVXNlcnMvamFtZXMvRG9jdW1lbnRzL0xpdGVyYXR1cmUvTmFpc2ggMTk2Ni5wZGYAABMAAS8AABUAAgAM//8AAAAIAA0AGgAkAEYAAAAAAAACAQAAAAAAAAAFAAAAAAAAAAAAAAAAAAABqA==}}

@mastersthesis{story:1966,
	Address = {London},
	Author = {Story, Gillian L.},
	Cites = {boas:1917, swanton:1911, naish:1966},
	Date-Added = {2020-11-05 15:01:23 -0800},
	Date-Modified = {2020-11-05 15:01:23 -0800},
	Eprint = {TL959S1966},
	Eprinttype = {anla},
	Keywords = {Language - Tlingit; Morphology},
	Read = {Yes},
	School = {School of Oriental and African Languages, University of London},
	Title = {A morphological study of Tlingit},
	Type = {master's thesis},
	Year = {1966},
	Bdsk-File-1 = {YnBsaXN0MDDSAQIDBFxyZWxhdGl2ZVBhdGhZYWxpYXNEYXRhXxAfLi4vLi4vTGl0ZXJhdHVyZS9TdG9yeSAxOTY2LnBkZk8RAV4AAAAAAV4AAgAADE1hY2ludG9zaCBIRAAAAAAAAAAAAAAAAAAAAAAAAABCRAAB/////w5TdG9yeSAxOTY2LnBkZgAAAAAAAAAAAAAAAAAAAAAAAAAAAAAAAAAAAAAAAAAAAAAAAAAAAAAAAAAAAAAAAAD/////AAAAAFBERiBDQVJPAAIAAgAACiBjdQAAAAAAAAAAAAAAAAAKTGl0ZXJhdHVyZQACADEvOlVzZXJzOmphbWVzOkRvY3VtZW50czpMaXRlcmF0dXJlOlN0b3J5IDE5NjYucGRmAAAOAB4ADgBTAHQAbwByAHkAIAAxADkANgA2AC4AcABkAGYADwAaAAwATQBhAGMAaQBuAHQAbwBzAGgAIABIAEQAEgAvVXNlcnMvamFtZXMvRG9jdW1lbnRzL0xpdGVyYXR1cmUvU3RvcnkgMTk2Ni5wZGYAABMAAS8AABUAAgAM//8AAAAIAA0AGgAkAEYAAAAAAAACAQAAAAAAAAAFAAAAAAAAAAAAAAAAAAABqA==}}

@book{boas:1917,
	Address = {Philadelphia},
	Author = {Boas, Franz},
	Booktitle = {Grammatical notes on the language of the Tlingit Indians},
	Date-Added = {2020-11-05 15:01:19 -0800},
	Date-Modified = {2020-11-05 15:01:19 -0800},
	Eprint = {TL888B1917},
	Eprinttype = {anla},
	Keywords = {Language - Tlingit},
	Library = {PM2455.B6},
	Number = {1},
	Publisher = {University of Pennsylvania},
	Read = {Yes},
	Series = {University Museum Anthropological Publications},
	Title = {Grammatical notes on the language of the Tlingit Indians},
	Volume = {8},
	Year = {1917},
	Bdsk-File-1 = {YnBsaXN0MDDSAQIDBFxyZWxhdGl2ZVBhdGhZYWxpYXNEYXRhXxAeLi4vLi4vTGl0ZXJhdHVyZS9Cb2FzIDE5MTcucGRmTxEBWAAAAAABWAACAAAMTWFjaW50b3NoIEhEAAAAAAAAAAAAAAAAAAAAAAAAAEJEAAH/////DUJvYXMgMTkxNy5wZGYAAAAAAAAAAAAAAAAAAAAAAAAAAAAAAAAAAAAAAAAAAAAAAAAAAAAAAAAAAAAAAAAAAP////8AAAAAUERGIENBUk8AAgACAAAKIGN1AAAAAAAAAAAAAAAAAApMaXRlcmF0dXJlAAIAMC86VXNlcnM6amFtZXM6RG9jdW1lbnRzOkxpdGVyYXR1cmU6Qm9hcyAxOTE3LnBkZgAOABwADQBCAG8AYQBzACAAMQA5ADEANwAuAHAAZABmAA8AGgAMAE0AYQBjAGkAbgB0AG8AcwBoACAASABEABIALlVzZXJzL2phbWVzL0RvY3VtZW50cy9MaXRlcmF0dXJlL0JvYXMgMTkxNy5wZGYAEwABLwAAFQACAAz//wAAAAgADQAaACQARQAAAAAAAAIBAAAAAAAAAAUAAAAAAAAAAAAAAAAAAAGh}}

@book{boas:1911,
	Address = {Washington, DC},
	Booktitle = {Handbook of American Indian languages},
	Date-Added = {2020-11-05 15:01:33 -0800},
	Date-Modified = {2020-11-05 15:01:33 -0800},
	Editor = {Boas, Franz},
	Eprint = {handbookamerica00fracgoog},
	Eprinttype = {archive.org},
	Keywords = {Family - Dene; Family - Dene - Pacific; Language - Hupa; Family - Na-Dene; Language - Tlingit; Language - Haida; Language - Tsimshian; Family - Salishan; Language - Kwakwala; Family - Chinookan; Language - Chinook; Language - Maidu; Family - Algonquian; Language - Fox; Family - Siouan; Language - Dakota},
	Number = {40},
	Publisher = {U.S. Government Printing Office},
	Series = {Smithsonian Institution Bureau of American Ethnology Bulletins},
	Title = {Handbook of American Indian languages},
	Year = {1911},
	Bdsk-File-1 = {YnBsaXN0MDDSAQIDBFxyZWxhdGl2ZVBhdGhZYWxpYXNEYXRhXxAeLi4vLi4vTGl0ZXJhdHVyZS9Cb2FzIDE5MTEucGRmTxEBWAAAAAABWAACAAAMTWFjaW50b3NoIEhEAAAAAAAAAAAAAAAAAAAAAAAAAEJEAAH/////DUJvYXMgMTkxMS5wZGYAAAAAAAAAAAAAAAAAAAAAAAAAAAAAAAAAAAAAAAAAAAAAAAAAAAAAAAAAAAAAAAAAAP////8AAAAAUERGIENBUk8AAgACAAAKIGN1AAAAAAAAAAAAAAAAAApMaXRlcmF0dXJlAAIAMC86VXNlcnM6amFtZXM6RG9jdW1lbnRzOkxpdGVyYXR1cmU6Qm9hcyAxOTExLnBkZgAOABwADQBCAG8AYQBzACAAMQA5ADEAMQAuAHAAZABmAA8AGgAMAE0AYQBjAGkAbgB0AG8AcwBoACAASABEABIALlVzZXJzL2phbWVzL0RvY3VtZW50cy9MaXRlcmF0dXJlL0JvYXMgMTkxMS5wZGYAEwABLwAAFQACAAz//wAAAAgADQAaACQARQAAAAAAAAIBAAAAAAAAAAUAAAAAAAAAAAAAAAAAAAGh}}

@book{cook-rice:1989,
	Address = {Berlin},
	Booktitle = {Athapaskan linguistics: Current perspectives on a language family},
	Date-Added = {2020-11-05 15:04:08 -0800},
	Date-Modified = {2020-11-05 15:04:08 -0800},
	Editor = {Cook, Eung-Do and Rice, Keren},
	Isbn = {0-89925-282-6},
	Keywords = {Family - Dene; Family - Dene},
	Publisher = {Mouton de Gruyter},
	Read = {Yes},
	Series = {Trends in linguistics: State-of-the-art reports},
	Title = {Athapaskan linguistics: Current perspectives on a language family},
	Volume = {15},
	Year = {1989},
	Bdsk-File-1 = {YnBsaXN0MDDSAQIDBFxyZWxhdGl2ZVBhdGhZYWxpYXNEYXRhXxAlLi4vLi4vTGl0ZXJhdHVyZS9Db29rICYgUmljZSAxOTg5LnBkZk8RAXYAAAAAAXYAAgAADE1hY2ludG9zaCBIRAAAAAAAAAAAAAAAAAAAAAAAAABCRAAB/////xRDb29rICYgUmljZSAxOTg5LnBkZgAAAAAAAAAAAAAAAAAAAAAAAAAAAAAAAAAAAAAAAAAAAAAAAAAAAAAAAAD/////AAAAAAAAAAAAAAAAAAIAAgAACiBjdQAAAAAAAAAAAAAAAAAKTGl0ZXJhdHVyZQACADcvOlVzZXJzOmphbWVzOkRvY3VtZW50czpMaXRlcmF0dXJlOkNvb2sgJiBSaWNlIDE5ODkucGRmAAAOACoAFABDAG8AbwBrACAAJgAgAFIAaQBjAGUAIAAxADkAOAA5AC4AcABkAGYADwAaAAwATQBhAGMAaQBuAHQAbwBzAGgAIABIAEQAEgA1VXNlcnMvamFtZXMvRG9jdW1lbnRzL0xpdGVyYXR1cmUvQ29vayAmIFJpY2UgMTk4OS5wZGYAABMAAS8AABUAAgAM//8AAAAIAA0AGgAkAEwAAAAAAAACAQAAAAAAAAAFAAAAAAAAAAAAAAAAAAABxg==}}
